@inproceedings{2010Rectified,
  title={Rectified Linear Units Improve Restricted Boltzmann Machines Vinod Nair},
  author={ Nair, Vinod  and  Hinton, Geoffrey E. },
  booktitle={International Conference on International Conference on Machine Learning},
  year={2010},
}

@article{2014Adam,
  title={Adam: A Method for Stochastic Optimization},
  author={ Kingma, Diederik  and  Ba, Jimmy },
  journal={Computer Science},
  year={2014},
}

@article{1997Long,
  title={Long Short-Term Memory},
  author={ Hochreiter, S  and  Schmidhuber, J },
  journal={Neural Computation},
  volume={9},
  number={8},
  pages={1735-1780},
  year={1997},
}

@article{1952Portfolio,
  title={Portfolio selection},
  author={ Markowitz, Harry M },
  journal={The Journal of Finance},
  volume={7},
  number={1},
  pages={77},
  year={1952},
}

@article{2009L2,
  title={L2 Regularization for Learning Kernels},
  author={ Cortes, Corinna  and  Mohri, Mehryar  and  Rostamizadeh, Afshin },
  journal={AUAI Press},
  year={2009},
}

@article{2018Deep,
  title={Deep learning with long short-term memory networks for financial market predictions},
  author={ Fischer, Thomas Krauss, Christopher },
  journal={European Journal of Operational Research},
  volume={270},
  number={2},
  year={2018},
}

@article{2020Portfolio,
  title={Portfolio Optimization-Based Stock Prediction Using Long-Short Term Memory Network in Quantitative Trading},
  author={ Tadesse, Direselign Addis },
  journal={Applied Sciences},
  volume={10},
  year={2020},
}

@article{Aur2017Hands,
  title={Hands-On Machine Learning with Scikit-Learn and TensorFlow: Concepts, Tools, and Techniques to Build Intelligent Systems},
  author={Aurélien Géron},
  year={2017},
}

@article{2009Investment,
  title={Investment Science: International Edition},
  author={ Luenberger, David },
  journal={Oup Catalogue},
  year={2009},
}

@misc{smith2018dont,
      title={Don't Decay the Learning Rate, Increase the Batch Size}, 
      author={Samuel L. Smith and Pieter-Jan Kindermans and Chris Ying and Quoc V. Le},
      year={2018},
      eprint={1711.00489},
      archivePrefix={arXiv},
      primaryClass={cs.LG}
}

@misc{fu2018machine,
      title={A Machine Learning Framework for Stock Selection}, 
      author={XingYu Fu and JinHong Du and YiFeng Guo and MingWen Liu and Tao Dong and XiuWen Duan},
      year={2018},
      eprint={1806.01743},
      archivePrefix={arXiv},
      primaryClass={q-fin.PM}
}

@misc{lee2024comparison,
      title={Comparison of Markowitz Model and Single-Index Model on Portfolio Selection of Malaysian Stocks}, 
      author={Zhang Chern Lee and Wei Yun Tan and Hoong Khen Koo and Wilson Pang},
      year={2024},
      eprint={2401.05264},
      archivePrefix={arXiv},
      primaryClass={q-fin.PM}
}

@misc{buhler2023efficient,
      title={Efficient Solution of Portfolio Optimization Problems via Dimension Reduction and Sparsification}, 
      author={Cassidy K. Buhler and Hande Y. Benson},
      year={2023},
      eprint={2306.12639},
      archivePrefix={arXiv},
      primaryClass={q-fin.PM}
}

@inproceedings{2019Application,
  title={Application of Markowitz's Portfolio Theory in Obtaining the Best Portfolio in the Stock Market},
  author={ Chao, Xiaotong  and  Tao, Xinyu  and  Zeng, Lingling },
  booktitle={International Symposium on Management and Social Sciences},
  year={2019},
}

@article{1988Game,
  title={Game-Theoretic Optimal Portfolios},
  author={ Cover, Bell Thomas M. },
  journal={Management Science},
  volume={34},
  number={6},
  pages={724-733},
  year={1988},
}

@article{2022Robust,
  title={Robust Portfolio Design and Stock Price Prediction Using an Optimized LSTM Model},
  author={ Sen, Jaydip  and  Mondal, Saikat  and  Nath, Gourab },
  journal={Papers},
  year={2022},
}

@inproceedings{2016Application,
  title={Application of the Artifical Neural Network in Predicting the Direction of Stock Market Index},
  author={ Mingyue, Qiu  and  Cheng, Li  and  Yu, Song },
  booktitle={2016 10th International Conference on Complex, Intelligent, and Software Intensive Systems (CISIS)},
  year={2016},
}

@article{2005A,
  title={A Tutorial on the Cross-Entropy Method},
  author={ Boer, Pieter Tjerk De  and  Kroese, Dirk P.  and  Mannor, Shie  and  Rubinstein, Reuven Y. },
  journal={Annals of Operations Research},
  volume={134},
  number={1},
  pages={19-67},
  year={2005},
}